@inproceedings { dolangavitt2013tzb,
    author = "Brendan Dolan-Gavitt and Tim Leek and Josh Hodosh and Wenke Lee",
    title = "{Tappan Zee (North) Bridge}: Mining Memory Accesses for Introspection",
    booktitle = "Proceedings of the ACM Conference on Computer and Communications Security (CCS)",
    month = November,
    year = 2013,
}
@inproceedings { dolangavitt2011virtuoso,
    author = "Brendan Dolan-Gavitt and Tim Leek and Michael Zhivich and Jonathon Giffin and Wenke Lee",
    title = "Virtuoso: Narrowing the Semantic Gap in Virtual Machine Introspection",
    booktitle = "Proceedings of the IEEE Symposium on Security and Privacy (Oakland)",
    month = May,
    year = 2011,
}
@inproceedings { dolangavitt2009dssig,
    author = "Brendan Dolan-Gavitt and Abhinav Srivastava and Patrick Traynor and Jonathon Giffin",
    title = "Robust Signatures for Kernel Data Structures",
    booktitle = "Proceedings of the ACM Conference on Computer and Communications Security (CCS)",
    month = November,
    year = 2009,
}
@inproceedings{Saberi:2014:HybridBridge,
  author    = {Alireza Saberi and Yangchun Fu and Zhiqiang Lin},
  title     = {Hybrid-Bridge: Efficiently Bridging the Semantic-Gap in Virtual Machine Introspection via Decoupled Execution and Training Memoization},
  booktitle = {Proceedings of the 21st Annual Network and Distributed System Security Symposium (NDSS'14)},
  address   = {San Diego, CA},
  month     = {February},
  year      = 2014,
}

@inproceedings{Fu:2012:VMST,
  author    = {Yangchun Fu and Zhiqiang Lin},
  title     = {Space Traveling across {VM}: Automatically Bridging the Semantic-Gap in Virtual Machine Introspection via Online Kernel Data Redirection},
  booktitle = {Proceedings of the 2012 IEEE Symposium on Security and Privacy},
  address   = {San Francisco, CA},
  month     = {May},
  year      = 2012,
}

@inproceedings{Zeng:2013:top,
  author    = {Junyuan Zeng and Yangchun Fu and Kenneth Miller and Zhiqiang Lin and Xiangyu Zhang and Dongyan Xu},
  title     = {Obfuscation-resilient Binary Code Reuse through Trace-oriented Programming},
  booktitle = {Proceedings of the 20th ACM Conference on Computer and Communications Security (CCS'13)},
  address   = {Berlin, Germany},
  month     = {November},
  year      = 2013,
}

@inproceedings{Srinivasan:2011:OutGraft,
 author = {Srinivasan, Deepa and Wang, Zhi and Jiang, Xuxian and Xu, Dongyan},
 title = {Process Out-grafting: An Efficient ``out-of-{VM}'' Approach for Fine-grained Process Execution Monitoring},
 booktitle = {Proceedings of the 18th ACM Conference on Computer and Communications Security},
 year = {2011},
 address = {Chicago, IL},
} 
@inproceedings{krka:icsa2010:inference,
    author = {Krka, Ivo and Brun, Yuriy and Popescu, Daniel and Garcia, Joshua and Medvidovic, Nenad},
    title = {{Using Dynamic Execution Traces and Program Invariants to Enhance Behavioral Model Inference}},
    booktitle = {{Proceedings of the International Conference on Software Engineering (ICSE)}},
    year = {2010},
    location = {Cape Town, South Africa},
    pages = {179--182},
    numpages = {4},
    publisher = {{ACM}},
    address = {New York, NY, USA},
}

@inproceedings{csallner:icse2008:dysy,
    author = {Csallner, Christoph and Tillmann, Nikolai and Smaragdakis, Yannis},
    title = {{DySy: Dynamic Symbolic Execution for Invariant Inference}},
    booktitle = {{Proceedings of the International Conference on Software Engineering (ICSE)}},
    year = {2008},
    location = {Leipzig, DE},
    pages = {281--290},
    numpages = {10},
    publisher = {{ACM}},
    address = {New York, NY, USA},
}

@inproceedings{chipounov:asplos2011:s2e,
    author = {Vitaly Chipounov and Volodymyr Kuznetsov and George Candea},
    title = {{S2E: A Platform for In-Vivo Multi-Path Analysis of Software Systems}},
    booktitle = {{Proceedings of the International Conference on Architectural Support for Programming Languages and Operating Systems (ASPLOS)}},
    location = {Newport Beach, CA, USA},
    month = {March},
    year = {2011},
}

@misc{heffner:dlink-dir100,
    author = {Craig Heffner},
    title = {{Reverse Engineering a D-Link Backdoor}},
    howpublished = {\url{http://www.devttys0.com/2013/10/reverse-engineering-a-d-link-backdoor/}},
    year = {2013},
    month = {October},
}

@misc{cert:hp-backdoor,
    author = {{CERT}},
    title = {{HP LaserJet Professional Printer Telnet Debug Shell Vulnerability}},
    howpublished = {\url{http://www.kb.cert.org/vuls/id/782451}},
    year = {2013},
    month = {March},
}

@inproceedings{cova:swaddler,
    author = {{Marco Cova and Davide Balzarotti and Viktoria Felmetsger and Giovanni Vigna}},
    title = {{Swaddler: An Approach for the Anomaly-based Detection of State Violations in Web Applications}},
    booktitle = {{Proceedings of the International Symposium on Recent Advances in Intrusion Detection}},
    year = {2007}
}

@inproceedings{baliga:gibraltar,
  title = {{Automatic Inference and Enforcement of Kernel Data Structure Invariants}},
  author = {Baliga, A. and Ganapathy, V. and Iftode, L.},
  booktitle = {{Proceedings of the Annual Computer Security Applications Conference}},
  pages = {77--86},
  year = {2008},
}

@inproceedings{kruegel:sec2004:disasm,
    author = {Christopher Kruegel and William Robertson and Fredrik Valeur and Giovanni Vigna},
    title = {{Static Disassembly of Obfuscated Binaries}},
    booktitle = {{Proceedings of the USENIX Security Symposium}},
    month = {August},
    year = {2004},
    address = {San Diego, CA, USA},
    publisher = {{USENIX Association}},
}

@inproceedings{kruegel:raid2005:worm,
    author = {Christopher Kruegel and Engin Kirda and Darren Mutz and William Robertson and Giovanni Vigna},
    title = {{Polymorphic Worm Detection Using Structural Information of Executables}},
    booktitle = {{Proceedings of the International Symposium on Recent Advances in Intrusion Detection (RAID)}},
    year = {2005},
    address = {Seattle, WA, USA},
    publisher = {{Springer-Verlag}},
}

@inproceedings{klein:sosp2009:sel4,
    author = {Klein, Gerwin and Elphinstone, Kevin and Heiser, Gernot and Andronick, June and Cock, David and Derrin, Philip and Elkaduwe, Dhammika and Engelhardt, Kai and Kolanski, Rafal and Norrish, Michael and Sewell, Thomas and Tuch, Harvey and Winwood, Simon},
    title = {{seL4: Formal Verification of an OS Kernel}},
    booktitle = {{Proceedings of the ACM SIGOPS Symposium on Operating Systems Principles (SOSP)}},
    year = {2009},
    address = {Big Sky, Montana, USA},
    pages = {207--220},
    numpages = {14},
    publisher = {{ACM}},
}

@article{leroy:cacm2009:compcert,
    author = {Leroy, Xavier},
    title = {{Formal Verification of a Realistic Compiler}},
    journal = {{Communications of the ACM}},
    volume = {52},
    number = {7},
    month = {July},
    year = {2009},
    pages = {107--115},
    numpages = {9},
    publisher = {{ACM}},
    address = {New York, NY, USA},
}

@inproceedings{robertson:2009:typing,
    title={{Static Enforcement of Web Application Integrity Through Strong Typing}},
    author={Robertson, W. and Vigna, G.},
    booktitle={{Proceedings of the USENIX Security Symposium}},
    pages={283--298},
    year={2009},
    organization={{USENIX Association}},
    address={{Montreal, QC, CA}},
}

@article{kruegel:jcn2005:webanomaly,
    author = {Christopher Kruegel and William Robertson and Giovanni Vigna},
    title = {{A Multi-model Approach to the Detection of Web-based Attacks}},
    journal = {{Journal of Computer Networks}},
    volume = {48},
    number = {5},
    month = {July},
    year = {2005},
    pages = {717--738},
    publisher = {{Elsevier}},
    address = {New York, NY, USA},
}

@article{ernst:2009:daikon,
    author = {Michael D. Ernst and Jeff H. Perkins and Philip J. Guo and Stephen McCamant and Carlos Pacheco and Matthew S. Tschantz and Chen Xiao},
    title = {{The Daikon System for Dynamic Detection of Likely Invariants}},
    journal = {{Science of Computer Programming}},
    volume = {69},
    number = {1--3},
    pages = {35--45},
    month = {December},
    year = {2007},
}

@inproceedings{wondracek:ndss2008:protocol,
    author = {Gilbert Wondracek and Paolo Milani Comparetti and Christopher Kruegel and Engin Kirda},
    title = {{Automatic Network Protocol Analysis}},
    booktitle = {{Proceedings of the Network and Distributed System Security Symposium}},
    year = {2008},
    month = {February},
    location = {San Diego, CA USA},
}

@inproceedings{caballero:ccs2007:polyglot,
    author = {Juan Caballero and Heng Yin and Zhenkai Liang and Dawn Song},
    title = {{Polyglot: Automatic Extraction of Protocol Message Format Using Dynamic Binary Analysis}},
    booktitle = {{Proceedings of the ACM Conference on Computer and Communications Security}},
    month = {October},
    year = {2007},
}

@inproceedings{newsome:ssp2005:filter,
    author = {James Newsome and Brad Karp and Dawn Song},
    title = {{Polygraph: Automatically Generating Signatures for Polymorphic Worms}},
    booktitle = {{Proceedings of the IEEE Symposium on Security and Privacy}},
    month = {May},
    year = {2005},
}

@inproceedings{brumley:csf2007:filter,
    author = {David Brumley and Hao Wang and Somesh Jha and Dawn Song},
    title = {{Creating Vulnerability Signatures Using Weakest Preconditions}},
    booktitle = {{Proceedings of the IEEE Computer Security Foundations Symposium}},
    year = {2007},
}

@inproceedings{brumley:ssp2006:filter,
    author = {David Brumley and James Newsome and Dawn Song and Hao Wang and Somesh Jha},
    title = {{Towards Automatic Generation of Vulnerability-based Signatures}},
    booktitle = {{Proceedings of the IEEE Symposium on Security and Privacy}},
    year = {2006},
    month = {May},
}

@inproceedings{molnar:ndss2008:fuzz,
    author = {Patrice Godefroid and Michael Levin and David Molnar},
    title = {{Automated Whitebox Fuzz Testing}},
    booktitle = {{Proceedings of the Network and Distributed System Security Symposium}},
    month = {February},
    year = {2008},
}

@inproceedings{cadar:osdi2008:klee,
    author = {Cristian Cadar and Daniel Dunbar and Dawson Engler},
    title = {{Klee: Unassisted and Automatic Generation of High-Coverage Tests for Complex Systems Programs}},
    booktitle = {{Proceedings of the USENIX Symposium on Operating System Design and Implementation}},
    year = {2008},
}

@inproceedings{cadar:ccs2006:exe,
    author = {Cristian Cadar and Vijay Ganesh and Peter Pawlowski and David Dill and Dawson Engler},
    title = {{EXE: A System for Automatically Generating Inputs of Death Using Symbolic Execution}},
    booktitle = {{Proceedings of the ACM Conference on Computer and Communications Security}},
    month = {October},
    year = {2006},
}

@inproceedings{saxena:ndss2010:flax,
    author = {Prateek Saxena and Steve Hanna and Pongsin Poosankam and Dawn Song},
    title = {{FLAX: Systematic Discovery of Client-Side Validation Vulnerabilities in Rich Web Applications}},
    booktitle = {{Proceedings of the Network and Distributed System Security Symposium}},
    year = {2010},
    month = {February},
}

@inproceedings{nguyen:ifip2005:taint,
    author = {Anh Nguyen-tuong and Salvatore Guarnieri and Doug Greene and Jeff Shirley and David Evans},
    title = {{Automatically Hardening Web Applications Using Precise Tainting}},
    booktitle = {{Proceedings of the IFIP International Information Security Conference}},
    year = {2005},
}

@inproceedings{halfond:fse2006:sqli,
    author = {William Halfond and Alessandro Orso and Panagiotis Manolios},
    title = {{Using Positive Tainting and Syntax-Aware Evaluation to Counter SQL Injection Attacks}},
    booktitle = {{Proceedings of the ACM SIGSOFT Symposium on Foundations of Software Engineering}},
    year = {2006},
}

@inproceedings{sharif:ssp2009:malware,
    author = {Monirul Sharif and Andrea Lanzi and Jonathon Giffin and Wenke Lee},
    title = {{Automatic Reverse Engineering of Malware Emulators}},
    booktitle = {{Proceedings of the IEEE Symposium on Security and Privacy}},
    year = {2009},
    month = {May},
}

@inproceedings{bayer:ndss2009:malware,
    author = {Ulrich Bayer and Paolo Milani Comparetti and Clemens Hlauschek and Christopher Kruegel and Engin Kirda},
    title = {{Scalable, Behavior-based Malware Clustering}},
    booktitle = {{Proceedings of the Netowrk and Distributed System Security Symposium}},
    year = {2009},
    month = {February},
}

@inproceedings{moser:ssp2007:malware,
    author = {Andreas Moser and Christopher Kruegel and Engin Kirda},
    title = {{Exploring Multiple Execution Paths for Malware Analysis}},
    booktitle = {{Proceedings of the IEEE Symposium on Security and Privacy}},
    year = {2007},
    month = {May},
}

@inproceedings{davidson:2013:fie,
	title = {{Fie on Firmware: Finding Vulnerabilities in Embedded Systems using Symbolic Execution}},
	booktitle = {{Proceedings of the USENIX Security Symposium}},
	year = {2013},
	month = {August},
	author = {Drew Davidson and Benjamin Moench and Somesh Jha and Thomas Ristenpart}
}

@inproceedings{dreissen:2012:satphone,
    author={Driessen, B. and Hund, R. and Willems, C. and Paar, C. and Holz, T.},
    title={{Don't Trust Satellite Phones: A Security Analysis of Two Satphone Standards}},
    booktitle={Proceedings of the IEEE Symposium on Security and Privacy},
    year={2012},
    month={May},
}

@inproceedings{schuster:2013:backdoor,
    author = {Felix Schuster and Thorsten Holz},
    title = {{Towards Reducing the Attack Surface of Software Backdoors}},
    booktitle = {{Proceedings of the ACM Conference on Computer and Communications Security}},
    month = {November},
    year = {2013},
}

@inproceedings{godefroid:2005:dart,
    author = {Godefroid, Patrice and Klarlund, Nils and Sen, Koushik},
    title = {{DART: directed automated random testing}},
    booktitle = {Proceedings of the ACM SIGPLAN conference on Programming language design and implementation},
    year = {2005},
    month = {June},
}

@inproceedings{dolangavitt:2013:tzb,
    author = {Brendan Dolan-Gavitt and Tim Leek and Josh Hodosh and Wenke Lee},
    title = {{Tappan Zee (North) Bridge: Mining Memory Accesses for Introspection}},
    booktitle = {Proceedings of the ACM Conference on Computer and Communications Security},
    month = {November},
    year = {2013},
}

@inproceedings{schwartz:2013:decomp,
    author = {Edward J. Schwartz and JongHyup Lee and Maverick Woo and and David Brumley},
    title = {{Native x86 Decompilation using Semantics-Preserving Structural Analysis and Iterative Control-Flow Structuring}},
    booktitle = {Proceedings of the USENIX Security Symposium},
    year = {2013},
    month = {August},
}

@article{cifuentes:1995:decomp,
	author = {Cifuentes, Cristina and Gough, K. John},
	title = {Decompilation of binary programs},
	Journal = {Software: Practice and Experience},
	Number = {7},
	Pages = {811--829},
	Publisher = {John Wiley & Sons, Ltd.},
	Volume = {25},
	Year = {1995},
}

@inproceedings{lee:ndss2011:tie,
    author = {JongHyup Lee and Thanassis Avgerinos and David Brumley},
    title = {{TIE: Principled Reverse Engineering of Types in Binary Programs}},
    booktitle = {{Proceedings of the Network and Distributed System Security Symposium (NDSS)}},
    month = {February},
    year = {2011},
}

@inproceedings{kruegel:sec2005:mimicry,
    author = {Christopher Kruegel and Engin Kirda and Darren Mutz and William Robertson and Giovanni Vigna},
    title = {{Automatic Mimicry Attacks Using Static Binary Analysis}},
    booktitle = {{Proceedings of the USENIX Security Symposium}},
    month = {July},
    year = {2005},
}

@inproceedings{avgerinos:ndss2011:aeg,
    author = {Thanassis Avgerinos and Sang Kil Cha and Brent Lim Tze Hao and David Brumley},
    title = {{AEG: Automatic Exploit Generation}},
    booktitle = {{Proceedings of the Network and Distributed System Security Symposium (NDSS)}},
    month = {February},
    year = {2011},
}

@inproceedings{schwartz:sec2011:q,
    author = {Edward J.~Schwartz and Thanassis Avgerinos and David Brumley},
    title = {{Q: Exploit Hardening Made Easy}},
    booktitle = {{Proceedings of the USENIX Security Symposium}},
    month = {August},
    year = {2011},
}

@inproceedings{cha:oakland2012:mayhem,
    author = {Sang Kil Cha and Thanassis Avgerinos and Alexandre Rebert and David Brumley},
    title = {{Unleashing Mayhem on Binary Code}},
    booktitle = {{Proceedings of the IEEE Symposium on Security and Privacy (Oakland)}},
    month = {May},
    year = {2012},
}

@inproceedings{kruegel:acsac2004:kernel,
    author = {Christopher Kruegel and William Robertson and Giovanni Vigna},
    title = {{Detecting Kernel-Level Rootkits Through Binary Analysis}},
    booktitle = {{Proceedings of the Annual Computer Security Applications Conference (ACSAC)}},
    month = {December},
    year = {2004},
}

@inproceedings{bittau:nsdi2008:wedge,
    author = {Andrea Bittau and Petr Marchenko and Mark Handley and Brad Karp},
    title = {{Wedge: Splitting Applications into Reduced-Privilege Compartments}},
    booktitle = {{Proceedings of the USENIX Symposium on Networked Systems Design and Implementation (NSDI)}},
    month = {April},
    year = {2008},
}

@inproceedings{demoura:tacas2008:z3,
    author = {De Moura, Leonardo and Bj{\o}rner, Nikolaj},
    title = {{Z3: An Efficient SMT Solver}},
    booktitle = {{Proceedings of the International Conference on the Theory and Practice of Software, International Conference on Tools and Algorithms for the Construction and Analysis of Systems (ETAPS/TACAS)}},
    year = {2008},
    location = {Budapest, Hungary},
    pages = {337--340},
    numpages = {4},
    publisher = {{Springer-Verlag}},
    address = {Berlin, Heidelberg},
}

@inproceedings{zheng:fse2013:z3str,
    author = {Yunhui Zheng and Xiangyu Zhang and Vijay Ganesh},
    title = {{Z3-str: A Z3-Based String Solver for Web Application Analysis}},
    booktitle = {{Proceedings of the European Software Engineering Conference and ACM Symposium on the Foundations of Software Engineering (ESEC/FSE)}},
    year = {2013},
    month = {August},
}

@inproceedings{kirda06:bho,
  author =       {Engin Kirda and Christopher Kruegel and Greg Banks and Giovanni Vigna and Richard A. Kemmerer},
  title =        {{Behavior-Based Spyware Detection}},
  booktitle = {{Proceedings of the USENIX Security Symposium}},
  year =         {2006},
  month =        {May}
}

@inproceedings{kolbitsch10:gadget,
  author =       {C. Kolbitsch and T. Holz and C. Kruegel and E. Kirda},
  title =        {{Inspector Gadget: Automated Extraction of Proprietary Gadgets from Malware Binaries}},
  booktitle =    {{Proceedings of the IEEE Symposium on Security and Privacy (Oakland)}},
  year =         {2010},
  month = {May},
}

@inproceedings{yin07:panorama,
 author = {Yin, Heng and Song, Dawn and Egele, Manuel and Kruegel, Christopher and Kirda, Engin},
 title = {{Panorama: Capturing System-wide Information Flow for Malware Detection and Analysis}},
 booktitle = {{Proceedings of the ACM Conference on Computer and Communications Security}},
 series = {CCS '07},
 year = {2007},
 isbn = {978-1-59593-703-2},
 location = {Alexandria, Virginia, USA},
 pages = {116--127},
 numpages = {12},
 url = {http://doi.acm.org/10.1145/1315245.1315261},
 doi = {http://doi.acm.org/10.1145/1315245.1315261},
 acmid = {1315261},
 publisher = {ACM},
 address = {New York, NY, USA},
 keywords = {dynamic taint analysis, malware analysis, malware detection, spyware},
}

@article{kirda10,
  author =       {Engin Kirda and Nenad Jovanovic and Christopher Kruegel and Giovanni Vigna},
  title =        {{Client-Side Cross-Site Scripting Protection}},
  journal =      {{Computers and Security}},
  year =         {2010},
  volume =       {28}
}

@inproceedings{mcallister2008,
  author =       {Sean McAllister and Engin Kirda and Christopher Kruegel},
  title =        {{Expanding Human Interactions for In-Depth Testing of Web Applications}},
  booktitle = {{Proceedings of the International Symposium on Recent Advances in Intrusion Detection (RAID)}},
  year =         {2008}
}

@inproceedings{onarlioglu12,
  author =       {Kaan Onarlioglu and Utku Ozan Yilmaz and Engin Kirda and Davide Balzarotti},
  title =        {{Insights into User Behavior in Dealing with Internet Attacks}},
  booktitle = {{Proceedings of the Network and Distributed System Security Symposium (NDSS)}},
  year =         {2012},
  month =        {February}
}

@inproceedings{irani11,
  author =       {Danesh Irani and Marco Balduzzi and Davide Balzarotti and Engin Kirda and Carlton Pu},
  title =        {{Reverse Social Engineering Attacks in Online Social Networks}},
  booktitle = {{Proceedings of the Conference on Detection of Intrusions and Malware and Vulnerability Assessment (DIMVA)}},
  year =         {2011},
  month =        {July}
}

@inproceedings{balduzzi10:raid,
  author =       {Marco Balduzzi and Christian Platzer and Thorsten Holz and Engin Kirda and Davide Balzarotti and Christopher Kruegel},
  title =        {{Abusing Social Networks for Automated User Profiling}},
  booktitle = {{Proceedings of the International Symposium on Recent Advances in Intrusion Detection (RAID)}},
  year =         {2010}
}

@inproceedings{bilge09:social,
  author       = {Leyla Bilge and Thorsten Strufe and Davide Balzarotti and Engin Kirda},
  title        = {{All Your Contacts Are Belong to Us: Automated Identity Theft Attacks on Social Networks}},
  booktitle    = {{Proceedings of the International Conference on World Wide Web (WWW)}},
  year         = {2009},
}

@inproceedings{wondracek10:deanon,
  author =       {G. Wondracek and T. Holz and E. Kirda and C. Kruegel},
  title  =       {{A Practical Attack to De-Anonymize Social Network Users}},
  booktitle =    {{Proceedings of the IEEE Symposium on Security and Privacy (Oakland)}},
  year =         {2010}
}

@inproceedings{acsac2012disclosure,
        author = {Leyla Bilge and Davide Balzarotti and William Robertson and Engin Kirda and Christopher Kruegel},
        title = {{DISCLOSURE: Detecting Botnet Command and Control Servers Through Large-Scale NetFlow Analysis}},
        booktitle = {{Proceedings of the Annual Computer Security Applications Conference (ACSAC)}},
        month = {December},
        year = {2012}
}

@inproceedings{issta2012malware,
        author = {Davide Canali and Andrea Lanzi and Davide Balzarotti and Mihai Christodorescu and Christopher Kruegel and Engin Kirda},
        title = {{A Quantitative Study of Accuracy in System Call-Based Malware Detection}},
        booktitle = {{Proceedings of the International Symposium on Software Testing and Analysis (ISSTA)}},
        location = {{Minneapolis, MN USA}},
        month = {8},
        year = {2012}
}

@misc{panda,
    title = {{PANDA: Platform for Architecture-Neutral Dynamic Analysis}},
    howpublished = {\url{https://github.com/moyix/panda}},
    year = {2013},
    month = {September},
}
